@article{prop,
author = "Sara Cordes and Rochel Gelman and C.R. Gallistel and John Whalen",
title = "Variability Signatures Distinguish Verbal from Nonverbal,
Counting for Both Large and Small Numbers",
journal = "Psychonomic Bulletin and Review",
year = 2001,
volume = 8
}
